 
@inproceedings{nicholls2003case,
  title={Case study on sea-level rise impacts},
  author={Nicholls, Robert J},
  booktitle={OECD Workshop on the benefits of climate policy: improving information for policy makers},
  volume={9},
  pages={69--86},
  year={2003}
}

@article{bird1985coastline,
  title={Coastline changes. A global review},
  author={Bird, Eric Charles Frederick},
  year={1985},
  publisher={John Wiley and Sons Inc., New York, NY}
}

@article{gorelick2017google,
  title={Google Earth Engine: Planetary-scale geospatial analysis for everyone},
  author={Gorelick, Noel and Hancher, Matt and Dixon, Mike and Ilyushchenko, Simon and Thau, David and Moore, Rebecca},
  journal={Remote Sensing of Environment},
  volume={202},
  pages={18--27},
  year={2017},
  publisher={Elsevier}
}

@article{hagenaars2018accuracy,
  title={On the accuracy of automated shoreline detection derived from satellite imagery: A case study of the Sand Motor mega-scale nourishment},
  author={Hagenaars, Gerben and de Vries, Sierd and Luijendijk, Arjen P and de Boer, Wiebe P and Reniers, Ad JHM},
  journal={Coastal Engineering},
  volume={133},
  pages={113--125},
  year={2018},
  publisher={Elsevier}
}

@article{otsu1979threshold,
  title={A threshold selection method from gray-level histograms},
  author={Otsu, Nobuyuki},
  journal={IEEE transactions on systems, man, and cybernetics},
  volume={9},
  number={1},
  pages={62--66},
  year={1979},
  publisher={IEEE}
}
